<record><leader>00000cas a22000007a 4500</leader><controlfield tag="001">14205496</controlfield><controlfield tag="008">860911d18661867txuwr ne      0    0eng d</controlfield><datafield ind1=" " ind2=" " tag="010"><subfield code="a">sn 86088865 </subfield></datafield><datafield ind1=" " ind2=" " tag="040"><subfield code="a">PPM</subfield><subfield code="b">eng</subfield><subfield code="c">PPM</subfield><subfield code="d">OCLCQ</subfield></datafield><datafield ind1=" " ind2=" " tag="042"><subfield code="a">msc</subfield></datafield><datafield ind1="0" ind2="4" tag="245"><subfield code="a">The Houston weekly dispatch.</subfield></datafield><datafield ind1=" " ind2=" " tag="260"><subfield code="a">Houston, Tex. :</subfield><subfield code="b">W.W. Diamond &amp; Co.</subfield></datafield><datafield ind1=" " ind2=" " tag="300"><subfield code="a">v. ;</subfield><subfield code="c">64 cm.</subfield></datafield><datafield ind1=" " ind2=" " tag="310"><subfield code="a">Weekly</subfield></datafield><datafield ind1=" " ind2=" " tag="580"><subfield code="a">Merged with: Evening star (Houston, Tex. : 1866), to form: Daily journal (Houston, Tex.).</subfield></datafield><datafield ind1=" " ind2=" " tag="588"><subfield code="a">Description based on: Vol. 1, no. 6 (June 29, 1866)-</subfield></datafield><datafield ind1=" " ind2=" " tag="752"><subfield code="a">United States</subfield><subfield code="b">Texas</subfield><subfield code="c">Harris</subfield><subfield code="d">Houston.</subfield></datafield><datafield ind1="1" ind2="7" tag="785"><subfield code="t">Evening star (Houston, Tex. : 1866)</subfield><subfield code="w">(OCoLC)14205027</subfield></datafield><datafield ind1="1" ind2="7" tag="785"><subfield code="t">Daily journal (Houston, Tex.)</subfield><subfield code="w">(OCoLC)12793230</subfield></datafield></record>